<record><leader>00000cas a22000007a 4500</leader><controlfield tag="001">17899980</controlfield><controlfield tag="008">880505d19001915ohucr ne      0    0eng d</controlfield><datafield ind1=" " ind2=" " tag="010"><subfield code="a">sn 88078453 </subfield></datafield><datafield ind1=" " ind2=" " tag="040"><subfield code="a">ONP</subfield><subfield code="b">eng</subfield><subfield code="c">ONP</subfield><subfield code="d">OCLCQ</subfield></datafield><datafield ind1=" " ind2=" " tag="042"><subfield code="a">msc</subfield></datafield><datafield ind1="0" ind2=" " tag="130"><subfield code="a">Alliance review (Alliance, Ohio : 1900)</subfield></datafield><datafield ind1="1" ind2="4" tag="245"><subfield code="a">The Alliance review.</subfield></datafield><datafield ind1=" " ind2=" " tag="260"><subfield code="a">Alliance, Ohio :</subfield><subfield code="b">Alliance Review Pub. Co.,</subfield><subfield code="c">-1915.</subfield></datafield><datafield ind1=" " ind2=" " tag="300"><subfield code="a">v.</subfield></datafield><datafield ind1=" " ind2=" " tag="310"><subfield code="a">Semiweekly</subfield></datafield><datafield ind1="1" ind2=" " tag="362"><subfield code="a">Began in 1900.</subfield></datafield><datafield ind1="0" ind2=" " tag="362"><subfield code="a">-v. 27, no. 297 (Sept. 9, 1915).</subfield></datafield><datafield ind1=" " ind2=" " tag="588"><subfield code="a">Description based on: Vol. 33, no. 1 (Jan. 1, 1901).</subfield></datafield><datafield ind1=" " ind2=" " tag="752"><subfield code="a">United States</subfield><subfield code="b">Ohio</subfield><subfield code="c">Stark</subfield><subfield code="d">Alliance.</subfield></datafield><datafield ind1="0" ind2=" " tag="775"><subfield code="t">Alliance daily review (Alliance, Ohio : 1895)</subfield><subfield code="w">(DLC)sn 88078450</subfield></datafield><datafield ind1="0" ind2="0" tag="780"><subfield code="t">Alliance standard review</subfield><subfield code="w">(DLC)sn 88078454</subfield></datafield></record>